<record><leader>00000cas a22000007a 4500</leader><controlfield tag="001">15991847</controlfield><controlfield tag="008">870617d18551858iauwr ne      0    0eng d</controlfield><datafield ind1=" " ind2=" " tag="010"><subfield code="a">sn 87058358 </subfield></datafield><datafield ind1=" " ind2=" " tag="040"><subfield code="a">INP</subfield><subfield code="b">eng</subfield><subfield code="c">INP</subfield><subfield code="d">OCLCQ</subfield><subfield code="d">UKMGB</subfield><subfield code="d">DLC</subfield></datafield><datafield ind1="7" ind2=" " tag="016"><subfield code="a">013938563</subfield><subfield code="2">Uk</subfield></datafield><datafield ind1=" " ind2=" " tag="042"><subfield code="a">msc</subfield></datafield><datafield ind1="0" ind2=" " tag="130"><subfield code="a">Independence civilian (Independence, Iowa : 1855)</subfield></datafield><datafield ind1="1" ind2="4" tag="245"><subfield code="a">The Independence civilian.</subfield></datafield><datafield ind1="3" ind2="0" tag="246"><subfield code="a">Civilian</subfield></datafield><datafield ind1=" " ind2=" " tag="260"><subfield code="a">Independence, Buchanan County, Iowa :</subfield><subfield code="b">S.S. Allen &amp; S.J.W. Tabor</subfield></datafield><datafield ind1=" " ind2=" " tag="300"><subfield code="a">v.</subfield></datafield><datafield ind1=" " ind2=" " tag="310"><subfield code="a">Weekly</subfield></datafield><datafield ind1="1" ind2=" " tag="362"><subfield code="a">Began May 17, 1855; ceased in 1858.</subfield></datafield><datafield ind1=" " ind2=" " tag="500"><subfield code="a">Publisher varies.</subfield></datafield><datafield ind1=" " ind2=" " tag="588"><subfield code="a">Description based on: Vol. 1, no. 40 (Mar. 27, 1856).</subfield></datafield><datafield ind1=" " ind2=" " tag="752"><subfield code="a">United States</subfield><subfield code="b">Iowa</subfield><subfield code="c">Buchanan</subfield><subfield code="d">Independence.</subfield></datafield><datafield ind1="0" ind2="0" tag="785"><subfield code="t">Weekly Independence civilian</subfield><subfield code="x">2575-6168</subfield><subfield code="w">(DLC)sn 83025193</subfield><subfield code="w">(OCoLC)9304913</subfield></datafield></record>